@article{van1994,
  title={Analysis of a charge-pump PLL: A new model},
  author={Van Paemel, Mark},
  journal={IEEE Transactions on communications},
  volume={42},
  number={7},
  pages={2490--2498},
  year={1994},
  publisher={IEEE}
}